<?xml version="1.0" encoding="UTF-8"?><record xmlns="http://www.loc.gov/MARC21/slim" xmlns:cinclude="http://apache.org/cocoon/include/1.0" xmlns:zs="http://www.loc.gov/zing/srw/">
  <leader>00557cz  a2200169n  4500</leader>
  <controlfield tag="001">nb 97079980 </controlfield>
  <controlfield tag="003">DLC</controlfield>
  <controlfield tag="005">20130316093427.0</controlfield>
  <controlfield tag="008">971007n| azannaab           |a aaa     c</controlfield>
  <datafield tag="010" ind1=" " ind2=" ">
    <subfield code="a">nb 97079980 </subfield>
  </datafield>
  <datafield tag="040" ind1=" " ind2=" ">
    <subfield code="a">Uk</subfield>
    <subfield code="b">eng</subfield>
    <subfield code="e">rda</subfield>
    <subfield code="c">Uk</subfield>
    <subfield code="d">DLC</subfield>
  </datafield>
  <datafield tag="046" ind1=" " ind2=" ">
    <subfield code="f">1874</subfield>
  </datafield>
  <datafield tag="100" ind1="1" ind2=" ">
    <subfield code="a">Keith, Marshall C.</subfield>
    <subfield code="q">(Marshall Clark),</subfield>
    <subfield code="d">1874-</subfield>
  </datafield>
  <datafield tag="378" ind1=" " ind2=" ">
    <subfield code="q">Marshall Clark</subfield>
  </datafield>
  <datafield tag="400" ind1="1" ind2=" ">
    <subfield code="w">nnea</subfield>
    <subfield code="a">Keith, Marshall C.</subfield>
    <subfield code="q">(Marshall Clark),</subfield>
    <subfield code="d">b. 1874</subfield>
  </datafield>
  <datafield tag="670" ind1=" " ind2=" ">
    <subfield code="a">An Indian odyssey, 1935:</subfield>
    <subfield code="b">t.p. (Marshall C. Keith)</subfield>
  </datafield>
  <datafield tag="670" ind1=" " ind2=" ">
    <subfield code="a">BL H&amp;SS, 7 Oct. 1997:</subfield>
    <subfield code="b">(hdg.: Keith, Marshall C. (Marshall Clark), b. 1874)</subfield>
  </datafield>
</record>